<?xml version="1.0" encoding="UTF-8"?><collection xmlns="http://www.loc.gov/MARC21/slim"><record><leader>00422nam--2200145-i-4500</leader><controlfield tag="001">000045866</controlfield><controlfield tag="002">20161230</controlfield><controlfield tag="005">20161230201045</controlfield><controlfield tag="008">060222s1000------------r-----000-0-eng-d</controlfield><datafield ind1=" " ind2=" " tag="080"><subfield code="a">512.81(07)</subfield></datafield><datafield ind1=" " ind2=" " tag="100"><subfield code="a">Varadarajan,V.S</subfield></datafield><datafield ind1=" " ind2=" " tag="245"><subfield code="a">Lie groups, lie algebras and their representations</subfield></datafield><datafield ind1=" " ind2=" " tag="260"><subfield code="a">Englewood Cliffs, Prentice-hall, 1974. Xiii + 430 P</subfield></datafield><datafield ind1=" " ind2=" " tag="490"><subfield code="a">Prentice-hall Series In Modern Analisiss</subfield></datafield><datafield ind1=" " ind2=" " tag="852"><subfield code="a">43191</subfield></datafield></record></collection>